% This file was created with JabRef 2.10.
% Encoding: UTF-8


@misc{wiki:xxx,
	author = "维基百科",
	title = "武汉纺织大学 --- 维基百科{,} 自由的百科全书",
	year = "2022",
	url = "https://zh.wikipedia.org/w/index.php?oldid=74516894",
	note = "[Online; accessed 8-Nov-2022]"
}